@techreport{det01,
	title={Detecting steganographic content on the internet},
	author={Provos, Niels and Honeyman, Peter},
	year={2001},
	institution={Center for Information Technology Integration}
}

@inproceedings{def01,
	title={Defending against statistical steganalysis},
	author={Provos, Niels},
	booktitle={10th USENIX Security Symposium (USENIX Security 01)},
	year={2001}
}

@inproceedings{att02,
	title={Attacking the outguess},
	author={Fridrich, Jessica and Goljan, Miroslav and Hogea, Dorin},
	booktitle={Proceedings of the ACM Workshop on Multimedia and Security},
	volume={2002},
	year={2002}
}
